@book{hilbert1902grundlagenfoundations,
  title={The foundations of geometry},
  author={Hilbert, David},
  year={1902},
  publisher={Open court publishing Company}
}

@book{hartshorne2013geometry,
  title={Geometry: Euclid and beyond},
  author={Hartshorne, Robin},
  year={2013},
  publisher={Springer Science \& Business Media}
}

@book{greenberg2007euclidean,
    title={Euclidean and Non-Euclidean Geometries: Development and History},
    author={Marvin Jay, Greenberg},
    year={2007},
    publisher={W. H. Freeman}
}
